% This file was created with JabRef 2.4.2.
% Encoding: UTF8

@BOOKLET{Wasserfallmodell,
	title = {Wasserfallmodell: Definition, Anwendung, Vor- und Nachteile},
	author = {{Christoph Friedrich}},
	lastchecked = {20.05.2025},
	year = {2025},
	month = feb,
	url = {https://alltena.com/de/blog/wasserfallmodell}
}

@BOOKLET{Debian,
  title = {Linux Debian the Stable and Secure Distribution},
  author = {{Roberto Scipione}},
  lastchecked = {22.05.2025},
  year = 2023,
  month = jun,
  url = {https://www.robertoscipione.com/en/blog/linux-debian-the-stable-and-secure-distribution}
}